<?xml version="1.0" encoding="UTF-8"?><collection xmlns="http://www.loc.gov/MARC21/slim"><record><leader>00378nam--2200133-i-4500</leader><controlfield tag="001">000005987</controlfield><controlfield tag="002">20161230</controlfield><controlfield tag="005">20161230201026</controlfield><controlfield tag="008">060222s1000------------r-----000-0-eng-d</controlfield><datafield ind1=" " ind2=" " tag="100"><subfield code="a">Beckers, C., Vissher, M.De</subfield></datafield><datafield ind1=" " ind2=" " tag="245"><subfield code="a">Les isotopes radioactifs en medicine</subfield></datafield><datafield ind1=" " ind2=" " tag="260"><subfield code="a">Paris, Gauthier-villars &amp; Cie, 1961 166 P</subfield></datafield><datafield ind1=" " ind2=" " tag="490"><subfield code="a">Applications Des Sciences Nucleaires</subfield></datafield><datafield ind1=" " ind2=" " tag="852"><subfield code="a">17774</subfield></datafield></record></collection>